<record><leader>00000cas a2200000 a 4500</leader><controlfield tag="001">12320633</controlfield><controlfield tag="008">850729d18801882aluwr ne      0    0eng d</controlfield><datafield ind1=" " ind2=" " tag="010"><subfield code="a">sn 87050118 </subfield></datafield><datafield ind1=" " ind2=" " tag="040"><subfield code="a">ABJ</subfield><subfield code="b">eng</subfield><subfield code="c">ABJ</subfield><subfield code="d">CPN</subfield><subfield code="d">OCL</subfield><subfield code="d">OCLCQ</subfield></datafield><datafield ind1=" " ind2=" " tag="042"><subfield code="a">msc</subfield></datafield><datafield ind1="0" ind2=" " tag="130"><subfield code="a">Weekly echo (Greenville, Ala. : 1880)</subfield></datafield><datafield ind1="1" ind2="4" tag="245"><subfield code="a">The Weekly echo.</subfield></datafield><datafield ind1=" " ind2=" " tag="260"><subfield code="a">Greenville, Ala. :</subfield><subfield code="b">J.R. Thames,</subfield><subfield code="c">1880-1882.</subfield></datafield><datafield ind1=" " ind2=" " tag="300"><subfield code="a">v.</subfield></datafield><datafield ind1="0" ind2=" " tag="362"><subfield code="a">Vol. 1, no. 1 (July 7, 1880)-v. 2, no. 29 (Jan. 21, 1882).</subfield></datafield><datafield ind1=" " ind2=" " tag="500"><subfield code="a">Established in 1880 to support John L. Powell for Judge of Probate. Cf. Ellison, R.C. Hist. and bibliography of Ala. Newspapers in the 19th Cent.</subfield></datafield><datafield ind1=" " ind2=" " tag="500"><subfield code="a">"Democratic."</subfield></datafield><datafield ind1=" " ind2=" " tag="752"><subfield code="a">United States</subfield><subfield code="b">Alabama</subfield><subfield code="c">Butler</subfield><subfield code="d">Greenville.</subfield></datafield><datafield ind1="0" ind2=" " tag="775"><subfield code="t">Daily echo (Greenville, Ala. : 1880)</subfield><subfield code="w">(DLC)sn 87050137</subfield></datafield></record>